@article{Koziol_Falls_Schnitzer_2020, 
    title="Different ode models of tumor growth can deliver similar results", 
    url="https://www.ncbi.nlm.nih.gov/pmc/articles/PMC7076937/", 
    journal="BMC cancer", 
    publisher="U.S. National Library of Medicine", 
    author="Koziol, James A and Falls, Theresa J and Schnitzer, Jan E", 
    year="2020", 
    month="Mar"
} 
@article{Murphy_Hope_2016, 
    title="Differences in predictions of ODE models of tumor growth: a cautionary example", 
    author="Murphy, Hope and Jaafari, Hana and Dobrovolny, Hana M.", 
    url="https://doi.org/10.1186/s12885-016-2164-x",
    journal="BMC cancer",
    year="2016", 
    month="Feb"
} 
@article{Cancer_Research_2023,
    title="How cancers grow", 
    url="https://www.cancerresearchuk.org/about-cancer/what-is-cancer/how-cancers-grow",
    journal="Cancer Research UK",
    year="2023",
    month="October"
}